@InProceedings{bryant-cav02,
 author = "Randal E. Bryant and Shuvendu K. Lahiri and Sanjit A. Seshia",
 title = "Modeling and Verifying Systems using a Logic of Counter Arithmetic with Lambda Expressions and Uninterpreted Functions",
 booktitle = "Proc. Computer-Aided Verification ({CAV}'02) ",
 editor = "E. Brinksma and K. G. Larsen",
 series = "LNCS 2404 ",
 pages = "78--92",
 publisher = "",
 month = "July",
 year = "2002"
}


@Misc{uclid-www,
 title = "{{UCLID} Verification System.}",
 howpublished = "{Available at \url{http://uclid.eecs.berkeley.edu}}"
}


